<?xml version="1.0" encoding="UTF-8"?><collection xmlns="http://www.loc.gov/MARC21/slim"><record><leader>00384nam--2200133-i-4500</leader><controlfield tag="001">000011793</controlfield><controlfield tag="002">20161230</controlfield><controlfield tag="005">20161230201029</controlfield><controlfield tag="008">060222s1000------------r-----000-0-eng-d</controlfield><datafield ind1=" " ind2=" " tag="080"><subfield code="a">539.172.49047):546.799.4(047)</subfield></datafield><datafield ind1=" " ind2=" " tag="100"><subfield code="a">Caner, M.And Yiftah, S</subfield></datafield><datafield ind1=" " ind2=" " tag="245"><subfield code="a">Neutron data evaluation for plutonium - 242</subfield></datafield><datafield ind1=" " ind2=" " tag="260"><subfield code="a">Tel-aviv, Israel Atomic Energy Commission,1973 55 P</subfield></datafield><datafield ind1=" " ind2=" " tag="852"><subfield code="a">10626</subfield></datafield></record></collection>